@article{bentley,
  author =       "J. L. Bentley and J. H. Friedman",
  title =        "Data structures for range searching",
  journal =      "ACM Computing surveys",
  volume =       "10",
  number =       "4",
  pages =        "397–409",
  year =         "1979",
  DOI =          "https://doi-org.recursos.biblioteca.upc.edu/10.1145/356789.356797"
}

@article{fried,
  author =       "{FRIEDMAN, J H., BENTLEY, J L., AND
FINKEL, R.A.}",
  title =        "An algorithm for finding best matches in logarithmic expected time",
  journal =      "ACM Trans. Math. Softw.",
  volume =       "3",
  number =       "3",
  pages =        "209–226",
  year =         "1977",
  DOI =          "https://doi-org.recursos.biblioteca.upc.edu/10.1145/355744.355745"
}

@phdthesis{moore_phd,
  author = {Andrew Moore},
  title = {Efficient Memory-based Learning for Robot Control},
  year = {1991},
  month = {March},
  school = {Carnegie Mellon University},
  address = {Pittsburgh, PA},
}

@misc{vtech_page,
  author = {OpenDSA},
  title = {CHAPTER 15 ADVANCED DATA STRUCTURES - KDTree},
  howpublished = "\url{https://opendsa-server.cs.vt.edu/ODSA/Books/CS3/html/KDtree.html#}",
  year = {2010},
  note = "[Online; accessed 20-March-2020]"
}

