@article{xmean,
  author = {Pelleg, Dan and Moore, Andrew},
  year = {2002},
  month = {01},
  pages = {},
  title = {X-means: Extending K-means with Efficient Estimation of the Number of Clusters},
  journal = {Machine Learning, p}
}

@inproceedings{geometric,
  author = {Pelleg, Dan and Moore, Andrew},
  title = {Accelerating Exact K-Means Algorithms with Geometric Reasoning},
  year = {1999},
  isbn = {1581131437},
  publisher = {Association for Computing Machinery},
  address = {New York, NY, USA},
  url = {https://doi.org/10.1145/312129.312248},
  doi = {10.1145/312129.312248},
  booktitle = {Proceedings of the Fifth ACM SIGKDD International Conference on Knowledge Discovery and Data Mining},
  pages = {277–281},
  numpages = {5},
  location = {San Diego, California, USA},
  series = {KDD ’99}
}

@inproceedings{geometric_2,
  author = {Deng, Kan and Moore, Andrew W.},
  title = {Multiresolution Instance-Based Learning},
  year = {1995},
  isbn = {1558603638},
  publisher = {Morgan Kaufmann Publishers Inc.},
  address = {San Francisco, CA, USA},
  booktitle = {Proceedings of the 14th International Joint Conference on Artificial Intelligence - Volume 2},
  pages = {1233–1239},
  numpages = {7},
  location = {Montreal, Quebec, Canada},
  series = {IJCAI’95}
}


@article{bic,
  author = { Robert E.   Kass  and  Larry   Wasserman },
  title = {A Reference Bayesian Test for Nested Hypotheses and its Relationship to the Schwarz Criterion},
  journal = {Journal of the American Statistical Association},
  volume = {90},
  number = {431},
  pages = {928-934},
  year  = {1995},
  publisher = {Taylor & Francis},
  doi = {10.1080/01621459.1995.10476592},
}

