@article{bentley,
  author =       "J. L. Bentley and J. H. Friedman",
  title =        "Data structures for range searching",
  journal =      "ACM Computing surveys",
  volume =       "10",
  number =       "4",
  pages =        "397â€“409",
  year =         "1979",
  DOI =          "https://doi-org.recursos.biblioteca.upc.edu/10.1145/356789.356797"
}


