@inproceedings{raz,
  author    = {Kyle Headley and
               Matthew A. Hammer},
  editor    = {David Van Horn and
               John Hughes},
  title     = {The Random Access Zipper - Simple, Persistent Sequences},
  booktitle = {Trends in Functional Programming - 17th International Conference,
               {TFP} 2016, College Park, MD, USA, June 8-10, 2016, Revised Selected
               Papers},
  series    = {Lecture Notes in Computer Science},
  volume    = {10447},
  pages     = {155--171},
  publisher = {Springer},
  year      = {2016},
  url       = {https://doi.org/10.1007/978-3-030-14805-8\_9},
  doi       = {10.1007/978-3-030-14805-8\_9},
}

@inproceedings{pbbt,
  author = {Pugh, W. and Teitelbaum, T.},
  title = {Incremental Computation via Function Caching},
  year = {1989},
  isbn = {0897912942},
  publisher = {Association for Computing Machinery},
  address = {New York, NY, USA},
  url = {https://doi.org/10.1145/75277.75305},
  doi = {10.1145/75277.75305},
  booktitle = {Proceedings of the 16th ACM SIGPLAN-SIGACT Symposium on Principles of Programming Languages},
  pages = {315–328},
  numpages = {14},
  location = {Austin, Texas, USA},
  series = {POPL ’89}
}

@misc{inline,
  author = {wiki.haskell.org},
  title = {Inlining and Specialization},
  howpublished = "\url{https://wiki.haskell.org/Inlining_and_Specialisation}",
  year = {2017},
  note = "[Online; accessed 24-May-2020]"
}

@misc{bang,
  author = {haskell.org},
  title = {Haskell Programming Language - Bang Patterns},
  howpublished = "\url{https://downloads.haskell.org/~ghc/7.8.4/docs/html/users_guide/bang-patterns.html}",
  year = {2015},
  note = "[Online; accessed 24-May-2020]"
}

@misc{stack,
  author = {haskellstack.org},
  title = {Stack Haskell Tool},
  howpublished = "\url{https://docs.haskellstack.org/en/stable/README/}",
  year = {2015},
  note = "[Online; accessed 05-April-2020]"
}

@misc{criterion,
  author = {serpentine.com},
  title = {Criterion Haskell Microbenchmarking tool},
  howpublished = "\url{http://www.serpentine.com/criterion/}",
  year = {2014},
  note = "[Online; accessed 16-April-2020]"
}

@misc{ftree,
  author = {hackage.haskell.org},
  title = {FingerTree Haskell Library},
  howpublished = "\url{https://hackage.haskell.org/package/fingertree}",
  year = {2006},
  note = "[Online; accessed 24-May-2020]"
}


