@misc{blog,
  author = {Luca Trevisan},
  title = {Luca Trevisan Blog: CS254 - Lecture 8 - Approximate Counting},
  howpublished = "\url{https://lucatrevisan.wordpress.com/2010/05/06/cs254-lecture-8-approximate-counting/}",
  year = {2010},
  note = "[Online; accessed 18-May-2020]"
}


