@article{gionis,
  author = {Aristedes Gionis, Piotr Indyk, Rajeev Motwani},
  year = {1999},
  title = {Similarity Search in High Dimensions via Hashing},
  journal = {Vldb}
  volume = {99}
  pages = {518-529}
}

@article{nns,
  author = {P. Indyk, R. Motwani},
  year = {1998},
  journal = {Proceedings of the 30th Symposium on Theory of Computing},
  pages = {604-613},
  title = {Approximate Nearest Neighbor - Towards Removing the Curse of Dimensionality}
}

@misc{hmw1,
  author = {Juan Pablo Royo Sales},
  title = {Homework 1 Locality Sensitivity Hashing},
  howpublished = "{Racó UPC-MIRI - ADM}",
  year = {2020},
  note = "[Homework at UPC-MIRI]"
}

@misc{hmw2,
  author = {Juan Pablo Royo Sales},
  title = {Homework 2 KD-Trees},
  howpublished = "{Racó UPC-MIRI - ADM}",
  year = {2020},
  note = "[Homework at UPC-MIRI]"
}


@misc{stack,
  author = {haskellstack.org},
  title = {Stack Haskell Tool},
  howpublished = "\url{https://docs.haskellstack.org/en/stable/README/}",
  year = {2015},
  note = "[Online; accessed 16-April-2020]"
}


@misc{criterion,
  author = {serpentine.com},
  title = {Criterion Haskell Microbenchmarking tool},
  howpublished = "\url{http://www.serpentine.com/criterion/}",
  year = {2014},
  note = "[Online; accessed 16-April-2020]"
}

@misc{QuickCheck,
  author = {Koen Claessen},
  title = {QuickCheck: Automatic testing of Haskell programs},
  howpublished = "\url{https://hackage.haskell.org/package/QuickCheck}",
  year = {2014},
  note = "[Online; accessed 16-April-2020]"
}


