@misc{mios,
  author = {Shuji Narazaki},
  title = {mios: A Minisat-based CDCL SAT solver in Haskell},
  howpublished = "\url{https://hackage.haskell.org/package/mios}",
  year = {2017},
  note = "[Online; accessed 02-Jun-2020]"
}

@misc{mtl,
  author = {haskell.org},
  title = {Monad Transformers},
  howpublished = "\url{https://wiki.haskell.org/Monad_Transformers}",
  year = {2018},
  note = "[Online; accessed 02-Jun-2020]"
}


@misc{stack,
  author = {haskellstack.org},
  title = {Stack Haskell Tool},
  howpublished = "\url{https://docs.haskellstack.org/en/stable/README/}",
  year = {2015},
  note = "[Online; accessed 05-April-2020]"
}


