@article{karp,
  author = {Karp, R. M.; Lipton, R. J.},
  year = {1982},
  title = {Turing machines that take advice},
  journal = {L'Enseignement Mathématique}
  volume = {28}
  pages = {191–209}
}

