@book{type_theory,
    author    = "Rob Nederpelt and Herman Geuvers",
    title     = "Type Theory and Formal Proof",
    year      = "2014",
    publisher = "Cambridge University Press",
    address   = "Cambridge CB2 8BS, United Kindom",
    ISBN      = "978-1-197-93650-5"
}

@article{church,
 ISSN = {00224812},
 URL = {http://www.jstor.org/stable/2266170},
 author = {Alonzo Church},
 journal = {The Journal of Symbolic Logic},
 number = {2},
 pages = {56--68},
 publisher = {Association for Symbolic Logic},
 title = {A Formulation of the Simple Theory of Types},
 volume = {5},
 year = {1940}
}
