@article{kutze,
  author = {Kutzelnigg, Reinhard},
  year = {2006},
  month = {01},
  pages = {},
  title = {Bipartite Random Graphs and Cuckoo Hashing}
}

@misc{cukoo,
  author = {Stanford Lectures CS 166},
  title = {Cuckoo Hashing},
  howpublished = "\url{https://web.stanford.edu/class/archive/cs/cs166/cs166.1146/lectures/13/Small13.pdf}",
  year = {2014},
  note = "[Online; accessed 05-April-2020]"
}

@misc{stack,
  author = {haskellstack.org},
  title = {Stack Haskell Tool},
  howpublished = "\url{https://docs.haskellstack.org/en/stable/README/}",
  year = {2015},
  note = "[Online; accessed 05-April-2020]"
}

