@book{cohesion_coupling,
    author    = "Yourdon, E.",
    title     = "Structured Design Fundamentals of a Discipline ofComputer Program and Systems Design",
    year      = "1979",
    publisher = "Prentice-Hall Inc",
    address   = "Reno"
}