@article{kutze,
  author = {Kutzelnigg, Reinhard},
  year = {2006},
  month = {01},
  pages = {},
  title = {Bipartite Random Graphs and Cuckoo Hashing}
}

@misc{cs_tst,
  author = {Jon Bentley and Bob Sedgewick},
  title = {Ternary Search Trees},
  howpublished = "\url{https://www.cs.upc.edu/~ps/downloads/tst/tst.html}",
  year = {1999},
  note = "[Online; accessed 9-May-2020]"
}

@misc{stack,
  author = {haskellstack.org},
  title = {Stack Haskell Tool},
  howpublished = "\url{https://docs.haskellstack.org/en/stable/README/}",
  year = {2015},
  note = "[Online; accessed 05-April-2020]"
}

@misc{criterion,
  author = {serpentine.com},
  title = {Criterion Haskell Microbenchmarking tool},
  howpublished = "\url{http://www.serpentine.com/criterion/}",
  year = {2014},
  note = "[Online; accessed 16-April-2020]"
}

