@book{little_typer,
  title={The Little Typer},
  author={Friedman, D.P. and Christiansen, D.T. and Bibby, D. and Harper, R. and McBride, C.},
  isbn={9780262536431},
  lccn={2018017792},
  series={The MIT Press},
  url={https://books.google.es/books?id=6jfCtQEACAAJ},
  year={2018},
  publisher={MIT Press}
}